@misc{BSM_d200_v1.3,
title = {Calculation of {Biochemical} {Methane} {Potential} {(BMP)}. {Standard} {BMP} {Methods} document 201, version 1.4.},
url = {https://www.dbfz.de/en/BMP},
urldate = {2020-02-28},
author = {Hafner, Sasha D.},
year = {2020}
}

@misc{BSM_d201_v1.4,
title = {Calculation of {Methane} {Production} from {Volumetric} {Measurements}. {Standard} {BMP} {Methods} document 201, version 1.4.},
url = {https://www.dbfz.de/en/BMP},
urldate = {2020-02-28},
author = {Hafner, Sasha D. and L\o jborg, Nanna},
year = {2019}
}

@misc{BSM_d202_v2.4,
	title = {Calculation of {Methane} {Production} from {Manometric} {Measurements}. {Standard} {BMP} {Methods} document 202, version 2.4.},
	url = {https://www.dbfz.de/en/BMP},
	urldate = {2020-02-28},
	author = {Hafner, Sasha D. and Astals, Sergi and Buffiere, Pierre and L{\o}jborg, Nanna},
	year = {2019},
	keywords = {Standard BMP Methods}
}

@misc{BSM_d100_v1.2,
	title = {Requirements for measurement of biochemical methane potential (BMP). {Standard} {BMP} {Methods} document 100, version 1.2.},
	url = {https://www.dbfz.de/en/BMP},
	urldate = {2020-02-28},
	author = {Holliger, Christof and Fruteau de Laclos, H{\'e}l{\`e}ne and Hafner, Sasha D. and Koch, Konrad and Alves, Madalena and Andrade, Diana and Angelidaki, Irini and Appels, Lise and Astals, Sergi and Azman, Samet and Baier, Urs and Fernandez, Yadira Bajon and Bartacek, Jan and Battista, Federico and Bolzonella, David and Bougrier, Claire and Braguglia, Camilla and Buffi{\`e}re, Pierre and Carballa, Marta and Catenacci, Arianna and Dandikas, Vasilis and de Wilde, Fabian and Ekwe, Sylvanus and Ficara, Elena and Fotidis, Ioannis and Frigon, Jean-Claude and Heerenklage, Joern and Jenicek, Pavel and Krautwald, Judith and Lindeboom, Ralph and Liu, Jing and Lizasoain, Javier and Marchetti, Rosa and Moulan, Florian and Nistor, Mihaela and Oechsner, Hans and Oliveira, Jo{\~a}o V{\'i}tor and Pauss, Andr{\'e} and Pommier, S{\'e}bastien and Raposo, Francisco and Ribeiro, Thierry and Schaum, Christian and Schuman, Els and Schwede, Sebastian and Soldano, Mariangela and Taboada, Anton and Torrijos, Michel and van Eekert, Miriam and van Lier, Jules and Weinrich, S{\"o}ren and Wierinck, Isabella},
	year = {2019},
	keywords = {Standard BMP Methods}
}

@misc{BSM_d203_v0.3,
	title = {Calculation of {Methane} {Production} from {Gravimetric} {Measurements}. {Standard} {BMP} {Methods} document 203, version 0.3.},
	url = {https://www.dbfz.de/en/BMP},
	urldate = {2020-02-28},
	author = {Hafner, Sasha D. and Richards, Brian K. and Astals Sergi},
	year = {2020},
	keywords = {Standard BMP Methods}
}


